@article{HN2006,
  title={Nonequilibrium phase transition in the coevolution of networks and opinions},
  author={Holme, P. and Newman, M.E.J.},
  journal={Physical Review E},
  volume={74},
  number={5},
  pages={056108},
  year={2006},
  publisher={APS}
}

@article{WS1998,
  added-at = {2012-11-20T14:15:13.000+0100},
  author = {Watts, Duncan J. and Strogatz, Steven H.},
  biburl = {http://www.bibsonomy.org/bibtex/2b8d3db260a39adbd9a3b93db2896d602/lopusz_kdd},
  comment = {10.1038/30918},
  description = {Access : Collective dynamics of |[lsquo]|small-world|[rsquo]| networks : Nature},
  interhash = {02e54cb4f5d01567f9d4d2bfd5ca6587},
  intrahash = {b8d3db260a39adbd9a3b93db2896d602},
  issn = {00280836},
  journal = {Nature},
  keywords = {networks},
  month = jun,
  number = 6684,
  pages = {440--442},
  timestamp = {2012-11-20T14:15:13.000+0100},
  title = {Collective dynamics of {'}small-world{'} networks},
  url = {http://dx.doi.org/10.1038/30918},
  volume = 393,
  year = 1998
}

@article{BA1999,
  title={Emergence of scaling in random networks},
  author={Barab{\'a}si, A.L. and Albert, R.},
  journal={science},
  volume={286},
  number={5439},
  pages={509--512},
  year={1999},
  publisher={American Association for the Advancement of Science}
}

@book{W2003,
  title={Small worlds: the dynamics of networks between order and randomness},
  author={Watts, D.J.},
  pages={102--109},
  year={2003},
  publisher={Princeton university press}
}

@article{CM2007,
  title={Complex contagions and the weakness of long ties},
  author={Centola, D. and Macy, M.},
  journal={American Journal of Sociology},
  volume={113},
  number={3},
  pages={702--734},
  year={2007},
  publisher={JSTOR}
}

@Unpublished{BS2011,
author = {Stefan Brugger and Cristoph Schwirzer},
year = {2011},
title = {Opinion formation by "employed agents" in social networks},
note = {Project work done in the course Lecture with Computer Exercises:
Modelling and Simulating Social Systems with MATLAB, May 2011}
}

@online{Wiki,
title={Erd model},
author={Wikipedia}
year={2011},
url={http://en.wikipedia.org/wiki/Erd%C5%91s%E2%80%93R%C3%A9nyi_model},
urldate={9/12/2012}
}

@article{ER1960,
  title={On the evolution of random graphs},
  author={Erd{\H{o}}s, P. and R{\'e}nyi, A.},
  journal={Magyar Tud. Akad. Mat. Kutat{\'o} Int. K{\"o}zl},
  volume={5},
  pages={17--61},
  year={1960}
}

@article{CEM2007,
  title={Cascade dynamics of complex propagation},
  author={Centola, D. and Egu{\'\i}luz, V.M. and Macy, M.W.},
  journal={Physica A: Statistical Mechanics and its Applications},
  volume={374},
  number={1},
  pages={449--456},
  year={2007},
  publisher={Elsevier}
}
